@BOOK{LIBRO,
    AUTHOR="Steven W. Smith",
    TITLE="The Scientist and Engineer's Guide to
    Digital Signal Processing",
    PUBLISHER="California Technical Publishing",
    YEAR="2011"
}
@misc{rc,
    author    = "Sengpielaudio",
    title     = "RC Filter and Cutoff frecuency [Online]. Disponible en: http://www.sengpielaudio.com/calculator-RCpad.htm",
    url       = "http://soundfile.sapp.org/doc/WaveFormat/"
}