@book{compiladores,
	author = {Aho, V. A. and Sethi, R. and Ullman, J. D.},
	title = {Compilers: Principles, Techniques, and Tools},
	year = {1986},
	language = {English},
	edition = {1st},
	publisher = {Addison Wesley},
	isbn = {0201100886},
	pagetotal = {796},
}

@MISC{UACM,
	AUTHOR = {UACM},
	TITLE = {{Maestría en Ciencias de la Complejidad}},
	PUBLISHER = {UACM},
	YEAR = {2018},	
	howpublished = "\url{http://complejidad.uacm.edu.mx/index.php/sintesis-del-plan-de-estudios}", 
	note  = "[Consultado: 2018-08-29]",
}
@MISC{MORELOS,
	AUTHOR = {El Colegio de Morelos},
	TITLE = {{Centro de Estudios de la Complejidad}},
	PUBLISHER = {El Colegio de Morelos},
	YEAR = {2018},	
	howpublished = "\url{https://elcolegiodemorelos.edu.mx/centro-de-estudios-de-la-complejidad/}", 
	note  = "[Consultado: 2018-08-29]",
}
@MISC{Balseiro,
	AUTHOR = {Instituto Balseiros},
	TITLE = {{MAESTRÍA EN CIENCIAS FÍSICAS}},
	PUBLISHER = {Instituto Balseiros},
	YEAR = {2017},	
	howpublished = "\url{http://www.ib.edu.ar/academicas/maestria-en-ciencias-fisicas/}", 
	note  = "[Consultado: 2018-08-29]",
}
@MISC{CCSS,
	AUTHOR = {CCSS},
	TITLE = {{Bachelor's minor Complex Systems}},
	PUBLISHER = {Utrecht University},
	YEAR = {2018},	
	howpublished = "\url{https://www.uu.nl/en/research/centre-for-complex-systems-studies/education/bachelors-minor-complex-systems}", 
	note  = "[Consultado: 2018-08-29]",
}