@book{compiladores,
	author = {Aho, V. A. and Sethi, R. and Ullman, J. D.},
	title = {Compilers: Principles, Techniques, and Tools},
	year = {1986},
	language = {English},
	edition = {1st},
	publisher = {Addison Wesley},
	isbn = {0201100886},
	pagetotal = {796},
}

@misc{macy,
  title = {SUMMARY: The Macy Conferences},
  howpublished = {\url{http://www.asc-cybernetics.org/foundations/history/MacySummary.htm}},
  note = {Accesado: 2018-08-26}
}

