@BOOK{LIBRO,
	AUTHOR="Hopcroft, John E. and Motwani, Rajeev and Ullman, Jeffrey D.",
	TITLE="Introducci\'on a La Teor\'ia De Aut\'omatas, Lenguajes Y Computaci\'on",
	PUBLISHER="Addison-Wesley",
	YEAR="2007",
}
