@BOOK{LIBRO,
    AUTHOR="Roger S. Pressman",
    TITLE="Ingeniería del software: Un enfoque práctico",
    PUBLISHER="McGraw-Hill",
    YEAR="2010"
}
@misc{wav,
    author    = "Stanford University",
    title     = "WAVE PCM soundfile format [Online]. Disponible en: http://soundfile.sapp.org/doc/WaveFormat/",
    url       = "http://soundfile.sapp.org/doc/WaveFormat/"
}