@BOOK{LIBRO,
    AUTHOR="Steven W. Smith",
    TITLE="The Scientist and Engineer's Guide to
    Digital Signal Processing",
    PUBLISHER="California Technical Publishing",
    YEAR="2011"
}
@BOOK{LIBRO2,
	AUTHOR="A. V. Oppenheim",
	TITLE="Tratamiento de se√±ales en tiempo discreto",
	PUBLISHER="Pearson",
	YEAR="2009"
}