@book{compiladores,
	author = {Aho, V. A. and Sethi, R. and Ullman, J. D.},
	title = {Compilers: Principles, Techniques, and Tools},
	year = {1986},
	language = {English},
	edition = {1st},
	publisher = {Addison Wesley},
	isbn = {0201100886},
	pagetotal = {796},
}

@book{automatas,
	author = {Hopcroft, J. E. and Motwani, R. and Ullman, J. D.},
	title = {Introduction to Automata Theory, Languages, and Computation},
	year = {2001},
	language = {English},
	edition = {2nd},
	publisher = {Addison Wesley},
	isbn = {0-201-44124-1},
	pagetotal = {537},
}

