@BOOK{LIBRO,
	AUTHOR="Hopcroft, John E. and Motwani, Rajeev and Ullman, Jeffrey D.",
	TITLE="Introducci\'on a La Teor\'ia De Aut\'omatas, Lenguajes Y Computaci\'on",
	PUBLISHER="Addison-Wesley",
	YEAR="2007",
}

@MISC{web,
	AUTHOR = {Martin Gardner},
	TITLE = {MATHEMATICAL GAMES
The fantastic combinations of John Conway's new solitaire game life},
	PUBLISHER = {Scientific American},
	YEAR = {1970},	
	howpublished = "\url{https://web.archive.org/web/20090603015231/http://ddi.cs.uni-potsdam.de/HyFISCH/Produzieren/lis_projekt/proj_gamelife/ConwayScientificAmerican.htm}", 
	note  = "[Consultado: 2018-09-19]",
}

@BOOK{PAGINA,
	author = {{Reyes Gómez, D.}},
	title = {{Descripción y Aplicaciones de los Autómatas Celulares}},
	year = "2011",
	publisher = "cinvestav"
},

@BOOK{LANGTON,
 author = {{De Felipe Vargas, D. and Sanchez Salazar C.}},
 title = {{Comportamiento colectivo no trivial implementado en robots de bajo costo: el caso de “La hormiga de Langton”}},
 year = "2016",
 publisher = {{Instituto Politécnico Nacional}}
},
